@article{Arrow:1958,
    title = {Utilities, Attitudes, Choices: A Review Note},
    author = {Arrow, Kenneth J.},
    journal = {Econometrica},
    volume = {26},
    number = {1},
    pages = {1-23},
    language = {English},
    year = {1958},
    publisher = {The Econometric Society},
    comment = {preference definition}
}

@book{Mohri:2012,
    author = "Mohri, Mehryar and Rostamizadeh, Afshin and Talwalkar, Ameet",
    title = "Foundations of Machine Learning",
    year = 2012,
    publisher = "The MIT Press",
    comment = {definition of machine learning}
} 

@incollection{Obiedkov:2013,
    author    = "Obiedkov, Sergei",
    title     = "Ceteris Paribus Preferences: Prediction via Abduction",
    editor    = "Gruner, Stefan and Watson, Bruce",
    booktitle = "Formal Aspects of Computing: Essays Dedicated to Derrick Kourie on the Occasion of His 65th Birthday",
    publisher = "Shaker Verlag GmbH",
    year      = 2013,
    address   = "Aachen, Germany",
    pages     = {45-56}
}

@incollection{plbook:Introduction:2010,
    author = {F{\"{u}}rnkranz, Johannes and H{\"{u}}llermeier, Eyke},
    title = {Preference Learning: An Introduction},
    booktitle = {Preference Learning},
    editor = {F{\"{u}}rnkranz, Johannes and H{\"{u}}llermeier, Eyke},
    publisher = {Springer-Verlag},
    year = {2010},
    pages = {1--17}
}

@incollection{plbook:Waegeman:2010,
	author = {Waegeman, Willem and De Baets, Bernard},
	title = {A Survey on {ROC}-Based Ordinal Regression},
	booktitle = {Preference Learning},
	editor = {F{\"{u}}rnkranz, Johannes and H{\"{u}}llermeier, Eyke},
	publisher = {Springer-Verlag},
	year = {2010},
	pages = {1--17},
	comment = {example of instance ranking}
}

@book{plbook:2010,
	author = {F{\"{u}}rnkranz, Johannes and H{\"{u}}llermeier, Eyke},
	title = {Preference Learning},
	year = {2010},
	edition = {1st},
	publisher = {Springer-Verlag New York, Inc.},
	address = {New York, NY, USA},
}  

@article{Balasubramaniyan:2005,
	author = {Balasubramaniyan, Rajarajeswari and Hüllermeier, Eyke and Weskamp, Nils and Kämper, Jörg},
	date = {2005-05-03},
	journal = {Bioinformatics},
	keywords = {dblp},
	number = 7,
	pages = {1069-1077},
	title = {Clustering of gene expression data using a local shape-based similarity measure.},
	volume = 21,
	year = 2005,
	comment = {example of application of ranking algorithm}
} 

@article{Brazdil:2003,
	author={Brazdil, PavelB. and Soares, Carlos and da Costa, JoaquimPinto},
	title={Ranking Learning Algorithms: Using {IBL} and Meta-Learning on Accuracy and Time Results},
	year={2003},
	journal={Machine Learning},
	volume={50},
	number={3},
	publisher={Kluwer Academic Publishers},
	pages={251-277},
	language={English},
	comment = {example of meta-learning}
}

@book{Liu:2011,
	author = {Liu, Tie-Yan},
	pages = {I-XVII, 1-285},
	publisher = {Springer},
	title = {Learning to Rank for Information Retrieval},
	year = 2011
}

@TechReport{Odersky:2004,
	author =       {Odersky, Martin and Altherr, Philippe and Cremet, Vincent and Dragos, Iulian and Dubochet, Gilles and Emir, Burak and McDirmid, Sean and Micheloud, Stéphane and Mihaylov, Nikolay and Schinz, Michel and Stenman, Erik and Spoon, Lex and Zenger, Matthias},
	title =        {An Overview of the Scala Programming Language},
	institution =  {EPFL Lausanne},
	address = {Switzerland},
	year =         2004,
	comment = {selected programming language}
} 

@misc{scala:web,
	author = "Odersky, Martin",
	title = "What is {S}cala?",
	howpublished = {\url{http://www.scala-lang.org/what-is-scala.html}},
	note = "[Online; accessed 12-February-2015]"
}

@misc{dataset:ml,
	title = "{UCI} Machine Learning Repository: Data Sets",
	howpublished = {\url{http://archive.ics.uci.edu/ml/datasets.html}},
	note = "[Online; accessed 9-February-2015]"
}

@misc{dataset:sushi,
	author = "Kamishima, Toshihiro",
	title = "{SUSHI} Preference Data Sets",
	howpublished = {\url{http://www.kamishima.net/sushi/}},
	note = "[Online; accessed 9-February-2015]"
}

@inproceedings{dataset:Abbasnejad:2013,
	author = {Abbasnejad, E. and Sanner, S. and Bonilla, E. V. and Poupart, P.},
	title = {Learning Community-based Preferences via {Dirichlet} Process Mixtures of {Gaussian} Processes},
	booktitle = {Proceedings of the 23rd International Joint Conference on Artificial Intelligence (IJCAI-13)},
	year = {2013}
}

@book{jvm:2013,
	author = {Lindholm, Tim and Yellin, Frank and Bracha, Gilad and Buckley, Alex},
	title = {The Java Virtual Machine Specification, Java SE 7 Edition},
	year = {2013},
	edition = {1st},
	publisher = {Addison-Wesley Professional},
} 

@article{Quinlan:1986,
	year={1986},
	journal={Machine Learning},
	volume={1},
	number={1},
	title={Induction of decision trees},
	publisher={Kluwer Academic Publishers},
	keywords={classification; induction; decision trees; information theory; knowledge acquisition; expert systems},
	author={Quinlan, J.R.},
	pages={81-106},
	language={English},
	comment = {id3 algorithm}
}

@book{Quinlan:1993,
	author = {Quinlan, J. Ross},
	title = {C4.5: Programs for Machine Learning},
	year = {1993},
	isbn = {1-55860-238-0},
	publisher = {Morgan Kaufmann Publishers Inc.},
	address = {San Francisco, CA, USA},
	comment = {C4.5 algorithm}
}

@article{Kass:1980,
	author = {Kass, G. V.},
	journal = {Journal of the Royal Statistical Society. Series C (Applied Statistics)},
	number = {2},
	pages = {119--127},
	priority = {2},
	publisher = {Blackwell Publishing for the Royal Statistical Society},
	title = {An Exploratory Technique for Investigating Large Quantities of Categorical Data},
	volume = {29},
	year = {1980},
	comment = {CHAID algorithm} 
}

@inproceedings{Agrawal:1994,
	author = {Agrawal, Rakesh and Srikant, Ramakrishnan},
	title = {Fast Algorithms for Mining Association Rules in Large Databases},
	booktitle = {Proceedings of the 20th International Conference on Very Large Data Bases},
	series = {VLDB '94},
	year = {1994},
	pages = {487--499},
	numpages = {13},
	publisher = {Morgan Kaufmann Publishers Inc.},
	address = {San Francisco, CA, USA},
	comment = {Apriori algorithm}
} 

@techreport{Zaki:1997,
	author = {Zaki, Mohammed J. and Parthasarathy, Srinivasan and Ogihara, Mitsunori and Li, Wei},
	title = {New Algorithms for Fast Discovery of Association Rules},
	year = {1997},
	institution = {University of Rochester},
	address = {Rochester, NY, USA},
	comment = {eclat algorithm}
} 

@INPROCEEDINGS{Kamishima:2005, 
	author={Kamishima, T. and Kazawa, H. and Akaho, S.}, 
	booktitle={Data Mining, Fifth IEEE International Conference on}, 
	title={Supervised ordering - an empirical survey}, 
	year={2005}, 
	month={Nov}, 
	pages={673--676},
	comment = {ordereded category vs order TODO: check!!}
}

@article{Holte:1993,
	author = {Holte, Robert C.},
	title = {Very Simple Classification Rules Perform Well on Most Commonly Used Datasets},
	journal = {Machine Learning},
	issue_date = {April 1993},
	volume = {11},
	number = {1},
	month = apr,
	year = {1993},
	pages = {63--90},
	numpages = {28},
	publisher = {Kluwer Academic Publishers},
	address = {Hingham, MA, USA},
	comment = {oneR}
} 

@book{Ganter:1997,
	author = {Ganter, Bernhard and Wille, Rudolf},
	title = {Formal Concept Analysis: Mathematical Foundations},
	year = {1997},
	edition = {1st},
	publisher = {Springer-Verlag New York, Inc.},
	address = {Secaucus, NJ, USA},
	comment = {FCA foundations}
} 

@article{Cohen:1999,
	author = {Cohen, William W. and Schapire, Robert E. and Singer, Yoram},
	title = {Learning to Order Things},
	journal = {J. Artif. Int. Res.},
	issue_date = {January 1999},
	volume = {10},
	number = {1},
	month = may,
	year = {1999},
	pages = {243--270},
	numpages = {28},
	publisher = {AI Access Foundation},
	address = {USA},
} 

@ARTICLE{Haddawy:2003,
	author = {Peter Haddawy Haddawy and Angelo Restificar and Benjamin Geisler and John Miyamoto},
	title = {Preference Elicitation via Theory Refinement},
	journal = {Journal of Machine Learning Research},
	year = {2003},
	volume = {4},
}

@inproceedings{Zheng:2007,
	author = {Zheng, Zhaohui and Chen, Keke and Sun, Gordon and Zha, Hongyuan},
	title = {A Regression Framework for Learning Ranking Functions Using Relative Relevance Judgments},
	booktitle = {Proceedings of the 30th Annual International ACM SIGIR Conference on Research and Development in Information Retrieval},
	series = {SIGIR '07},
	year = {2007},
	isbn = {978-1-59593-597-7},
	location = {Amsterdam, The Netherlands},
	pages = {287--294},
	numpages = {8},
	publisher = {ACM},
	address = {New York, NY, USA}
} 

@inproceedings{Burges:2005,
	author = {Burges, Chris and Shaked, Tal and Renshaw, Erin and Lazier, Ari and Deeds, Matt and Hamilton, Nicole and Hullender, Greg},
	title = {Learning to Rank Using Gradient Descent},
	booktitle = {Proceedings of the 22nd International Conference on Machine Learning},
	series = {ICML '05},
	year = {2005},
	isbn = {1-59593-180-5},
	location = {Bonn, Germany},
	pages = {89--96},
	numpages = {8},
	publisher = {ACM},
	address = {New York, NY, USA},
}

@inbook{Barten:1982,
	author       = {Barten, Anton P. and B{\"o}hm, Volker},
	editor       = {Kenneth J. Arrow},
	language     = {English},
	pages        = {381--429},
	publisher    = {North Holland Publ. Co.},
	series       = {Handbook of mathematical economics},
	title        = {Consumer theory},
	volume       = {2},
	year         = {1982},
}

@incollection{Furnkranz:2003,
	year={2003},
	booktitle={Machine Learning: ECML 2003},
	volume={2837},
	series={Lecture Notes in Computer Science},
	editor={Lavrač, Nada and Gamberger, Dragan and Blockeel, Hendrik and Todorovski, Ljupčo},
	title={Pairwise Preference Learning and Ranking},
	publisher={Springer Berlin Heidelberg},
	author={Fürnkranz, Johannes and Hüllermeier, Eyke},
	pages={145-156},
	language={English}
}

@incollection {Obiedkov:2012:modeling,
	author = {Obiedkov, Sergei},
	title = {Modeling Preferences over Attribute Sets in Formal Concept Analysis},
	booktitle = {Formal Concept Analysis},
	series = {Lecture Notes in Artificial Intelligence},
	publisher = {Springer Berlin / Heidelberg},
	pages = {227-243},
	volume = {7278},
	year = {2012}
}

@inproceedings {Obiedkov:2012:preferences,
	author = {Obiedkov, Sergei},
	title = {From Preferences over Objects to Preferences over Concepts},
	booktitle = {Proceedings of the 6th Multidisciplinary Workshop on Advances in Preference Handling},
	year = {2012},
	month = {August},
	organization = {Montpellier, France, in conjunction with ECAI 2012},
	note = {http://mpref2012.lip6.fr/proceedings/ObiedkovMPREF2012.pdf}
}

@book{Ganter:1999,
	address = {Berlin/Heidelberg},
	author = {Bernhard Ganter and Rudolf Wille},
	publisher = {Springer},
	title = {Formal Concept Analysis: Mathematical Foundations},
	year = 1999,
	timestamp = {2011-01-27T13:46:01.000+0100},
	keywords = {analysis concept fca formal math},
}

@book{harel:2000,
	title={Dynamic logic},
	author={Harel, David and Kozen, Dexter and Tiuryn, Jerzy},
	volume={206},
	year={2000},
	publisher={MIT press Cambridge}
}

@book{Skiena:1991,
	author = {Skiena, Steven},
	title = {Implementing Discrete Mathematics: Combinatorics and Graph Theory with Mathematica},
	year = {1991},
	isbn = {0-201-50943-1},
	publisher = {Addison-Wesley Longman Publishing Co., Inc.},
	address = {Boston, MA, USA},
	pages = {203-209}
} 

@INPROCEEDINGS{Kamishima:2006, 
	author={Kamishima, T. and Akaho, S.}, 
	booktitle={Data Mining Workshops, 2006. ICDM Workshops 2006. Sixth IEEE International Conference on}, 
	title={Efficient Clustering for Orders}, 
	year={2006}, 
	month={Dec}, 
	pages={274-278}
}

@inproceedings{Kamishima:2003,
	author = {Kamishima, Toshihiro},
	title = {Nantonac Collaborative Filtering: Recommendation Based on Order Responses},
	booktitle = {Proceedings of the Ninth ACM SIGKDD International Conference on Knowledge Discovery and Data Mining},
	series = {KDD '03},
	year = {2003},
	location = {Washington, D.C.},
	pages = {583--588},
	numpages = {6},
	publisher = {ACM},
	address = {New York, NY, USA}
} 

@incollection{Ricci:2011,
	year={2011},
	booktitle={Recommender Systems Handbook},
	editor={Ricci, Francesco and Rokach, Lior and Shapira, Bracha and Kantor, Paul B.},
	title={Introduction to Recommender Systems Handbook},
	publisher={Springer US},
	author={Ricci, Francesco and Rokach, Lior and Shapira, Bracha},
	pages={1-35},
	language={English},
	comment={collaborative filtering definition}
}

@incollection{Stevens:1951,
	address = {New York},
	author = {Stevens, S. S.},
	booktitle = {Handbook of Experimental Psychology},
	editor = {Stevens, S. S.},
	pages = {1--49},
	publisher = {Wiley},
	title = {{Mathematics, Measurement and Psychophysics}},
	year = {1951}
}

@book{Hastie:2001,
	address = {New York, NY, USA},
	author = {Hastie, Trevor and Tibshirani, Robert and Friedman, Jerome},
	keywords = {ml statistics},
	publisher = {Springer New York Inc.},
	series = {Springer Series in Statistics},
	title = {The Elements of Statistical Learning},
	year = 2001
}